
@Misc{cite1,
  key    = "web:cite1",
  author = "{A. EINSTEIN}",
  title =  "{Teorie relativity}",
  note   = "\\ \href{http://teorie.relativity.net/}{http://teorie.relativity.net/}",
}

@Misc{cite2,
  key    = "web:cite2",
  author = "{FERNANDO ESPRESSO}",
  title =  "{Piccolo neexistuje!}",
  note   = "\\ \href{http://www.piccolo-neexistuje.cz/petice.pdf}{http://www.piccolo-neexistuje.cz/petice.pdf}",
}

@Misc{cite3,
  key    = "web:cite3",
  author = "{F. MULDER, D. SCULLY}",
  title =  "{Paranormální jevy}",
  note   = "\\ \href{http://cs.wikipedia.org/wiki/Akta\_X}{http://cs.wikipedia.org/wiki/Akta\_X}",
}
